@comment{x-kbibtex-personnameformatting=<%f ><%l><, %s>}

@book{PDG,
  title={Particle Data Group},
  author={J. Beringer et al.}, 
  year={2012},
  publisher={Phys. Rev. D86, 010001},
  key={PDG}
}